<record><leader>00000cas a2200000 a 4500</leader><controlfield tag="001">28514848</controlfield><controlfield tag="008">930726d19471954cauwr ne      0    0eng c</controlfield><datafield ind1=" " ind2=" " tag="010"><subfield code="a">sn 93051582 </subfield></datafield><datafield ind1=" " ind2=" " tag="040"><subfield code="a">CUY</subfield><subfield code="b">eng</subfield><subfield code="c">CNK</subfield><subfield code="d">OCLCQ</subfield><subfield code="d">CNK</subfield><subfield code="d">OCLCQ</subfield><subfield code="d">OCLCF</subfield><subfield code="d">OCLCO</subfield></datafield><datafield ind1="1" ind2=" " tag="029"><subfield code="a">AU@</subfield><subfield code="b">000025895348</subfield></datafield><datafield ind1=" " ind2=" " tag="042"><subfield code="a">pcc</subfield></datafield><datafield ind1=" " ind2=" " tag="043"><subfield code="a">n-us-ca</subfield></datafield><datafield ind1="0" ind2=" " tag="130"><subfield code="a">Independent-herald (Yuba City, Calif. : 1947)</subfield></datafield><datafield ind1="1" ind2="0" tag="245"><subfield code="a">Independent-herald.</subfield></datafield><datafield ind1=" " ind2=" " tag="260"><subfield code="a">Yuba City, Calif. :</subfield><subfield code="b">E.C. Brownlee, C.A. Williams, R.J. Schrick</subfield></datafield><datafield ind1=" " ind2=" " tag="300"><subfield code="a">v.</subfield></datafield><datafield ind1=" " ind2=" " tag="310"><subfield code="a">Weekly,</subfield><subfield code="b">Oct. 7, 1948-Oct. 21, 1954</subfield></datafield><datafield ind1=" " ind2=" " tag="321"><subfield code="a">Semiweekly,</subfield><subfield code="b">Aug. 5, 1947-Mar. 26, 1948</subfield></datafield><datafield ind1=" " ind2=" " tag="321"><subfield code="a">Daily,</subfield><subfield code="b">Apr. 1-Sept. 30, 1948</subfield></datafield><datafield ind1="0" ind2=" " tag="362"><subfield code="a">Vol. 1, no. 1 (Aug. 5, 1947)-v. 8, no. 13 (Oct. 21, 1954).</subfield></datafield><datafield ind1=" " ind2=" " tag="530"><subfield code="a">Master negatives are available for duplication from:</subfield><subfield code="b">California Newspaper Microfilm Archive;</subfield><subfield code="c">positive copies may be purchased by the reel; for further information consult the CNMA at:</subfield><subfield code="u">http://cbsr.ucr.edu</subfield></datafield><datafield ind1=" " ind2="0" tag="651"><subfield code="a">Sacramento Valley (Calif.)</subfield><subfield code="v">Newspapers.</subfield></datafield><datafield ind1=" " ind2="7" tag="655"><subfield code="a">Newspapers.</subfield><subfield code="2">fast</subfield><subfield code="0">(OCoLC)fst01423814</subfield></datafield><datafield ind1=" " ind2="7" tag="651"><subfield code="a">California</subfield><subfield code="z">Sacramento Valley.</subfield><subfield code="2">fast</subfield><subfield code="0">(OCoLC)fst01273298</subfield></datafield><datafield ind1=" " ind2=" " tag="752"><subfield code="a">United States</subfield><subfield code="b">California</subfield><subfield code="c">Sutter</subfield><subfield code="d">Yuba City.</subfield></datafield><datafield ind1="0" ind2="4" tag="780"><subfield code="t">Independent-farmer (Yuba City, Calif.)</subfield><subfield code="w">(DLC)sn 93051581</subfield></datafield><datafield ind1="0" ind2="4" tag="780"><subfield code="t">Yuba City herald</subfield></datafield><datafield ind1="0" ind2="7" tag="785"><subfield code="t">Bi-county farmer</subfield></datafield><datafield ind1="0" ind2="7" tag="785"><subfield code="t">Independent herald and bi-county farmer</subfield><subfield code="w">(DLC)sn 93051583</subfield></datafield></record>